<record><leader>00000cas a22000007a 4500</leader><controlfield tag="001">11854965</controlfield><controlfield tag="008">850327d188u188uwiuwr ne      0    0eng d</controlfield><datafield ind1=" " ind2=" " tag="010"><subfield code="a">sn 85040468 </subfield></datafield><datafield ind1=" " ind2=" " tag="040"><subfield code="a">NPV</subfield><subfield code="b">eng</subfield><subfield code="c">NPV</subfield><subfield code="d">OCLCQ</subfield></datafield><datafield ind1=" " ind2=" " tag="042"><subfield code="a">msc</subfield></datafield><datafield ind1=" " ind2=" " tag="043"><subfield code="a">n-us-wi</subfield></datafield><datafield ind1=" " ind2=" " tag="045"><subfield code="a">w8w8</subfield></datafield><datafield ind1=" " ind2=" " tag="052"><subfield code="a">4123</subfield><subfield code="b">D3</subfield></datafield><datafield ind1="0" ind2="0" tag="245"><subfield code="a">London-Cambridge times, and tobacco news.</subfield></datafield><datafield ind1="3" ind2="0" tag="246"><subfield code="a">London Cambridge times</subfield></datafield><datafield ind1="3" ind2="0" tag="246"><subfield code="a">Tobacco news</subfield></datafield><datafield ind1=" " ind2=" " tag="260"><subfield code="a">London, Wis. :</subfield><subfield code="b">E.L. Howe</subfield></datafield><datafield ind1=" " ind2=" " tag="300"><subfield code="a">v. :</subfield><subfield code="b">ill. (chiefly advertisements)</subfield></datafield><datafield ind1=" " ind2=" " tag="310"><subfield code="a">Weekly?</subfield></datafield><datafield ind1=" " ind2=" " tag="500"><subfield code="a">On masthead: London and Cambridge, Wis.</subfield></datafield><datafield ind1=" " ind2=" " tag="500"><subfield code="a">Editor: E.L. Howe, &lt;Apr. 30, 1886&gt;.</subfield></datafield><datafield ind1=" " ind2=" " tag="530"><subfield code="a">Available on microfilm from The State Historical Society of Wisconsin.</subfield></datafield><datafield ind1=" " ind2=" " tag="588"><subfield code="a">Description based on: Vol. 1, no. 36 (Apr. 30, 1886).</subfield></datafield><datafield ind1=" " ind2=" " tag="752"><subfield code="a">United States</subfield><subfield code="b">Wisconsin</subfield><subfield code="c">Dane</subfield><subfield code="d">London.</subfield></datafield><datafield ind1=" " ind2=" " tag="752"><subfield code="a">United States</subfield><subfield code="b">Wisconsin</subfield><subfield code="c">Dane</subfield><subfield code="d">Cambridge.</subfield></datafield><datafield ind1="1" ind2=" " tag="029"><subfield code="a">AU@</subfield><subfield code="b">000025801160</subfield></datafield></record>